<?xml version="1.0" encoding="UTF-8"?><record xmlns="http://www.loc.gov/MARC21/slim" xmlns:cinclude="http://apache.org/cocoon/include/1.0" xmlns:zs="http://www.loc.gov/zing/srw/">
  <leader>00556cz  a2200133n  4500</leader>
  <controlfield tag="001">n  77010305 </controlfield>
  <controlfield tag="003">DLC</controlfield>
  <controlfield tag="005">20120801075304.0</controlfield>
  <controlfield tag="008">771011n| abannaab           |n aaa      </controlfield>
  <datafield tag="010" ind1=" " ind2=" ">
    <subfield code="a">n  77010305 </subfield>
  </datafield>
  <datafield tag="040" ind1=" " ind2=" ">
    <subfield code="a">DLC</subfield>
    <subfield code="b">eng</subfield>
    <subfield code="c">DLC</subfield>
    <subfield code="d">DLC</subfield>
  </datafield>
  <datafield tag="100" ind1="1" ind2=" ">
    <subfield code="a">Shouldice, Kenneth J.</subfield>
  </datafield>
  <datafield tag="667" ind1=" " ind2=" ">
    <subfield code="a">THIS 1XX FIELD CANNOT BE USED UNDER RDA UNTIL THIS RECORD HAS BEEN REVIEWED AND/OR UPDATED</subfield>
  </datafield>
  <datafield tag="670" ind1=" " ind2=" ">
    <subfield code="a">Michigan. Economic Action Council.</subfield>
    <subfield code="b">Implementation of recommendations ... 1976 (a.e.) t.p. (Kenneth J. Shouldice; Ph. D.; implementation executive, Michigan Economic Action Council)</subfield>
  </datafield>
</record>